<?xml version="1.0" encoding="UTF-8"?><collection xmlns="http://www.loc.gov/MARC21/slim"><record><leader>00552nam--2200193-i-4500</leader><controlfield tag="001">000024388</controlfield><controlfield tag="002">20161230</controlfield><controlfield tag="005">20170128201509</controlfield><controlfield tag="008">060222s1000------------r-----000-0-eng-d</controlfield><datafield ind1=" " ind2=" " tag="040"><subfield code="a">IFIN-HH</subfield></datafield><datafield ind1=" " ind2=" " tag="080"><subfield code="a">53</subfield></datafield><datafield ind1="1" ind2=" " tag="100"><subfield code="a">Irving, J</subfield></datafield><datafield ind1="1" ind2="0" tag="245"><subfield code="a">Pure and applied physics. Vol. 6. Mathematics in physics and engineering</subfield><subfield code="c">J. Irving, N. Mullineux</subfield></datafield><datafield ind1=" " ind2=" " tag="260"><subfield code="a">New York</subfield><subfield code="b">Academic Press</subfield><subfield code="c">1959</subfield></datafield><datafield ind1=" " ind2=" " tag="300"><subfield code="a">XVII+883 p</subfield></datafield><datafield ind1=" " ind2=" " tag="490"><subfield code="a">A Series Of Monographs And Textbooks</subfield></datafield><datafield ind1="1" ind2=" " tag="700"><subfield code="a">Mullineux, N</subfield></datafield><datafield ind1=" " ind2=" " tag="852"><subfield code="a">13428</subfield><subfield code="c">53</subfield></datafield><datafield ind1=" " ind2=" " tag="CAT"><subfield code="a">SYS</subfield><subfield code="c">20170128</subfield><subfield code="h">201509</subfield></datafield></record></collection>